@incollection{bates2014,
  title={Uncertainty in flood inundation modelling},
  author={Bates, Paul D and Pappenberger, Florian and Romanowicz, Renata J},
  booktitle={Applied uncertainty analysis for flood risk management},
  pages={232--269},
  year={2014},
  publisher={World Scientific},
  doi={10.1142/9781848162716_0010}
}

@article{fisher-tate2006,
  title={Causes and consequences of error in digital elevation models},
  author={Fisher, Peter F and Tate, Nicholas J},
  journal={Progress in Physical Geography},
  volume={30},
  number={4},
  pages={467--489},
  year={2006},
  publisher={Sage Publications Sage CA: Thousand Oaks, CA},
  doi={10.1191/0309133306pp492ra}
}

@article{ge2008,
  title={Stochastic solution for uncertainty propagation in nonlinear shallow-water equations},
  author={Ge, Liang and Cheung, Kwok Fai and Kobayashi, Marcelo H},
  journal={Journal of Hydraulic Engineering},
  volume={134},
  number={12},
  pages={1732--1743},
  year={2008},
  publisher={American Society of Civil Engineers},
  doi={10.1061/(ASCE)0733-9429(2008)134:12(1732)}
}

@phdthesis{ge2009,
 title={Polynomial Chaos Representation of Uncertainties in Nonlinear Shallow-Water Equations for Flood Hazard Assessment},
 author={Liang Ge},
 year={2009},
 school={University of Hawai`i at Manoa}
}

@article{jin2016,
  title={A well-balanced stochastic {Galerkin} method for scalar hyperbolic balance laws with random inputs},
  author={Jin, Shi and Xiu, Dongbin and Zhu, Xueyu},
  journal={Journal of Scientific Computing},
  volume={67},
  number={3},
  pages={1198--1218},
  year={2016},
  publisher={Springer},
  doi={10.0.3.239/s10915-015-0124-2}
}

@article{liang-borthwick2009,
  title={Adaptive quadtree simulation of shallow flows with wet--dry fronts over complex topography},
  author={Liang, Qiuhua and Borthwick, Alistair GL},
  journal={Computers \& Fluids},
  volume={38},
  number={2},
  pages={221--234},
  year={2009},
  publisher={Elsevier},
  doi={10.1016/j.compfluid.2008.02.008}
}

@article{lu-xie2016,
  title={Conventional versus pre-balanced forms of the shallow-water equations solved using finite-volume method},
  author={Lu, Xinhua and Xie, Shengbai},
  journal={Ocean Modelling},
  volume={101},
  pages={113--120},
  year={2016},
  publisher={Elsevier},
  doi={10.1016/j.ocemod.2016.04.002}
}

@article{mishra2012,
  title={Multilevel {Monte Carlo} finite volume methods for shallow water equations with uncertain topography in multi-dimensions},
  author={Mishra, Siddhartha and Schwab, Ch and Sukys, Jonas},
  journal={SIAM Journal on Scientific Computing},
  volume={34},
  number={6},
  pages={B761--B784},
  year={2012},
  publisher={SIAM},
  doi={10.1137/110857295}
}

@article{pettersson2014,
  title={A stochastic {Galerkin} method for the {Euler} equations with {Roe} variable transformation},
  author={Pettersson, Per and Iaccarino, Gianluca and Nordstr{\"o}m, Jan},
  journal={Journal of Computational Physics},
  volume={257},
  pages={481--500},
  year={2014},
  publisher={Elsevier},
  doi={10.1016/j.jcp.2013.10.011}
}

@article{xiu2009,
  title={Fast numerical methods for stochastic computations: a review},
  author={Xiu, Dongbin},
  journal={Communications in Computational Physics},
  volume={5},
  number={2-4},
  pages={242--272},
  year={2009}
}

@article{zhou2001,
  title={The surface gradient method for the treatment of source terms in the shallow-water equations},
  author={Zhou, Jian G and Causon, Derek M and Mingham, Clive G and Ingram, David M},
  journal={Journal of Computational Physics},
  volume={168},
  number={1},
  pages={1--25},
  year={2001},
  publisher={Citeseer},
  doi={10.1006/jcph.2000.6670}
}
